<?xml version="1.0" encoding="UTF-8"?><record xmlns="http://www.loc.gov/MARC21/slim" xmlns:cinclude="http://apache.org/cocoon/include/1.0" xmlns:zs="http://www.loc.gov/zing/srw/">
  <leader>00381nz  a2200133n  4500</leader>
  <controlfield tag="001">no2003043126</controlfield>
  <controlfield tag="003">DLC</controlfield>
  <controlfield tag="005">20030501052456.0</controlfield>
  <controlfield tag="008">030430n| acannaabn          |n aaa     c</controlfield>
  <datafield tag="010" ind1=" " ind2=" ">
    <subfield code="a">no2003043126</subfield>
  </datafield>
  <datafield tag="035" ind1=" " ind2=" ">
    <subfield code="a">(OCoLC)oca06037588</subfield>
  </datafield>
  <datafield tag="040" ind1=" " ind2=" ">
    <subfield code="a">WaU</subfield>
    <subfield code="b">eng</subfield>
    <subfield code="c">WaU</subfield>
  </datafield>
  <datafield tag="100" ind1="1" ind2=" ">
    <subfield code="a">Kazāka, Rūta</subfield>
  </datafield>
  <datafield tag="670" ind1=" " ind2=" ">
    <subfield code="a">Koki un krūmi Latvijas mežos un ārēs, 2002:</subfield>
    <subfield code="b">t.p. (Rūta Kazāka; illustrator)</subfield>
  </datafield>
</record>